@book{carraracurrodossi2024,
    author = {Andrea Carrara and Federica Curr√≤ Dossi},
    title = {Students\&Companies: Requirements Analysis and Specification Document},
    publisher = {Software Engineering 2},
    year = {2024}
}

@book{dinitto2024,
    author = {Elisabetta Di Nitto},
    title = {Requirements Engineering and Design Project},
    publisher = {Software Engineering 2},
    year = {2024}
}
