@book{ieee2018,
    author = {IEEE},
    title = {IEEE 29148:2018: Systems and Software Engineering, Life Cycle Processes and Requirements Engineering},
    publisher = {IEEE},
    year = {2018}
}

@book{project2024,
    author = {Elisabetta Di Nitto},
    title = {Requirements Engineering and Design Project},
    publisher = {Software Engineering 2},
    year = {2024}
}

@book{jackson1995,
    author = {Micheal Jackson},
    title = {The World and the Machine},
    publisher = {IEEE},
    year = {1995}
}
